@book{Kinoshita,
 author = "木下 是雄",
 title = "理科系の作文技術",
 series = "中公新書 624",
 publisher = "中央公論新社",
 year = "1981"}

@book{Kinoshita_en,
 author = "Koreo Kinoshita",
 title = "Rikakei no Sakubun Gijyutsu",
 series = "Chuko shinsho 624",
 publisher = "Chuo koron shinsha",
 year = "1981",
 note = "(in Japanese)"}
